@inproceedings{rachmawati2018comparative,
  title={A comparative study of Message Digest 5 (MD5) and SHA256 algorithm},
  author={Rachmawati, D and Tarigan, JT and Ginting, ABC},
  booktitle={Journal of Physics: Conference Series},
  volume={978},
  number={1},
  pages={012116},
  year={2018}
}
@misc{rivest1992md5,
  title={The MD5 message-digest algorithm},
  author={Rivest, Ronald and Dusse, S},
  year={1992},
  publisher={MIT Laboratory for Computer Science}
}
@inproceedings{wang2005break,
  title={How to break MD5 and other hash functions},
  author={Wang, Xiaoyun and Yu, Hongbo},
  booktitle={Annual international conference on the theory and applications of cryptographic techniques},
  pages={19--35},
  year={2005},
  organization={Springer}
}
